@article{test-en,
	author = {Author},
	title = {Title},
	type = {J},
	journal = {Journal},
	date = {2014-04-01},
	language = {english},
}

@article{2,
	author = {何绍坤},
	title = {测试},
	type = {J},
	journal = {期刊},
	date = {2014-04-01},
	language = {chinese},
}

% vim:ts=4:sw=4
